2267 2880
174 130 276 172 ‘286
637 131 955 177 Friedrich
987 134 1074 178 IV.
1108 135 1237 195 (111.)
1272 149 1381 190 1452,
1410 149 1510 182 Marz
1538 152 1597 184 22.

175 291 240 303 v
280 286 369 301 *W

611 316 674 336 „tate
690 317 770 335 nostra
788 321 884 336 cesarea
905 317 1008 342 predicta
1024 317 1156 337 facultatem
1173 324 1198 337 ac
1215 318 1308 339 liberam
1324 321 1463 345 potestatem
1478 320 1624 339 concedimus
1640 326 1797 348 quascumque
1812 323 1904 343 infnmie
1920 325 2022 344 maculas
2041 326 2088 344 sive

614 353 697 372 „notas
714 351 821 372 abolendi
842 358 868 372 ac
890 359 1003 379 personas
1019 354 1114 373 maculis
1141 354 1271 374 huiusmodi
1293 355 1466 381 quomodolibet
1481 362 1603 382 respersas
1626 357 1653 375 ad
1669 356 1750 376 famam
1772 361 1794 377 et
1812 358 1910 379 bonores
1931 362 2044 386 pristinos
2068 362 2088 380 in

614 388 676 407 ..toto
693 388 727 406 vel
750 388 772 407 in
794 391 859 414 parte
877 391 947 415 prout
964 390 1029 408 vobis
1049 390 1162 409 videbitur
1179 392 1316 412 restituendi
1338 395 1360 412 et
1381 393 1521 418 reponendi,
1543 393 1668 418 arrogandi
1684 394 1890 421 quomodocunque
1912 399 1934 416 et
1956 397 2088 423 adoptandi.

612 428 654 444 nac
672 423 699 442 ad
721 424 742 443 id
756 424 875 444 licentiam
887 426 1041 450 concedendi⁷
1061 427 1205 452 arrogatioiii
1221 428 1288 447 etiam
1311 431 1333 448 et
1354 429 1474 454 adoptioni
1494 429 1562 449 factis
1585 432 1607 448 et
1625 429 1736 448 faciendis
1757 432 1917 451 auctoritatem
1932 434 2052 458 prestandi
2067 436 2088 453 et

615 458 676 479 „illis
696 459 811 480 decretum
832 461 992 487 interponendi
1012 468 1057 482 non
1079 462 1225 483 obstantibus
1249 465 1355 484 omnibus
1377 466 1400 485 in
1420 465 1530 491 predictis
1553 465 1643 485 nostris
1669 468 1691 484 et
1719 466 1892 491 predecessoris
1920 470 1994 489 nostri
2015 470 2087 489 literis

612 497 740 516 „contentis
756 503 797 516 nec
814 504 857 518 non
872 498 918 518 illis
933 499 1055 523 presertim
1069 498 1159 524 legibus
1174 500 1255 524 positis
1272 499 1314 519 sub
1331 501 1422 521 rubrica
1435 502 1518 528 quibus
1533 508 1576 522 mo.
1598 507 1635 522 na.
1656 501 1701 521 effi.
1719 503 1755 521 sui
1778 504 1800 521 et
1820 503 1905 528 quibus
1927 511 1971 526 mo.
1988 512 2026 525 ua.
2042 506 2088 526 effi.

611 530 689 557 „leges
705 539 745 558 per
762 535 823 553 totos
839 537 884 553 ttos
900 536 921 553 et
936 535 1003 553 etiam
1021 533 1045 553 C.
1062 534 1089 554 de
1106 541 1134 554 na
1149 535 1161 554 Ι-
1175 535 1191 554 l·
1207 536 1225 559 j.
1239 538 1260 554 et
1276 541 1316 561 per
1338 539 1410 557 totum
1426 537 1517 558 titulum
1534 540 1556 558 et
1579 537 1605 558 C.
1619 538 1646 558 de
1662 539 1786 564 eniaucipa.
1809 539 1847 558 lib.
1866 539 1883 558 1.
1900 540 1921 559 fi.
1938 543 1959 560 et
1974 544 2087 566 per-toti.

612 570 649 589 „et
664 569 686 587 in
701 572 761 589 ante.
777 570 804 589 de
819 572 896 591 trient.
911 573 931 591 et
948 572 1054 591 servisiu
1076 569 1099 591 3.
1113 571 1133 590 fi-
1151 574 1173 590 et
1188 572 1364 598 quibuscunque
1380 574 1433 593 aliis
1447 574 1554 601 legitimis
1570 575 1721 594 sanxionibus
1739 580 1764 594 ac
1786 575 1943 601 imperialibus
1961 580 1983 596 et
1996 579 2088 598 munici-

612 604 717 628 „palibus
726 608 821 626 statutis
832 609 853 626 et
864 609 1080 633 constitutionibus,
1095 613 1187 628 necnon
1206 609 1411 629 consuetudinibus
1424 610 1555 634 juramento
1570 611 1745 631 confirmatione
1761 612 1873 637 imperiali
1891 612 1927 632 vel
1944 619 2087 640 quacumque

613 640 735 662 „firmitate
756 642 802 662 alia
825 644 932 664 roborate
955 645 1079 664 contrariis
1101 645 1279 671 quibuscunque
1298 651 1339 670 per
1360 652 1403 671 que
1424 652 1470 666 non
1495 652 1607 672 expressa
1629 647 1663 666 vel
1685 648 1786 667 totaliter
1814 654 1858 668 non
1884 649 1974 669 inserta
1993 650 2087 670 effectu>

612 675 758 697 „huiusmodi
779 680 853 704 gratie
875 681 978 706 impediri
993 681 1069 701 valeat
1084 681 1253 707 quomodolibet
1268 681 1302 701 vel
1321 681 1409 701 differri
1423 684 1446 701 et
1460 682 1486 701 de
1503 684 1588 708 quibus
1606 690 1749 710 quorumque
1766 686 1821 704 totis
1837 686 1957 705 tenoribus
1976 686 2003 705 de
2019 687 2088 706 verbo

613 713 658 734 „ad
683 714 776 734 verbum
799 717 946 740 presentibus
965 717 1070 737 habenda
1089 717 1151 737 foret
1166 718 1250 737 mentio
1270 717 1379 743 specialis
1396 719 1481 743 quibus
1498 724 1524 738 ac
1544 720 1594 739 vice
1617 721 1713 740 scientia
1736 723 1758 740 et
1773 723 1912 741 auctoritate
1929 723 2036 747 predictis
2053 729 2090 742 ex-

612 754 709 774 „presse
724 750 870 777 derogamus,
887 756 993 778 preterea
1009 754 1074 773 vobis
1092 756 1114 773 et
1129 754 1324 774 descendentibus
1347 754 1432 773 vestris
1454 755 1564 780 predictis
1581 755 1642 775 ultra
1656 757 1755 782 iusignia
1776 759 1855 777 vestra
1869 759 1980 783 antiqua,
2003 759 2089 778 scilicet

612 785 724 811 „clipeum
741 787 835 807 rubeum
850 791 873 807 et
889 789 965 809 album
981 791 1003 809 in
1020 792 1119 816 quatuor
1136 793 1215 816 partes
1240 791 1337 810 divisum
1354 796 1395 816 pro
1414 791 1522 811 comitatu
1538 792 1648 811 donamus
1668 793 1767 818 aquilam
1783 794 1870 819 nigram
1889 795 1910 814 in
1925 801 2002 821 eampo
2019 801 2089 815 auten

612 827 675 843 „cum
691 823 757 842 radio
770 824 826 843 solis
841 825 863 844 in
880 828 972 851 pectore
988 829 1009 846 et
1027 832 1113 846 corona
1128 833 1200 846 aurea
1224 827 1247 847 in
1268 828 1343 852 capite
1364 833 1414 846 cuni
1438 828 1530 847 ‹time->io
1551 827 1586 847 bic
1614 828 1702 854 depicto
1724 829 1753 849 ad
1784 835 1850 849 usum
1867 836 1981 850 armorum
2002 834 2089 851 vestro-

611 864 676 879 wrum
697 859 872 880 deferendorum
895 863 961 882 etiam
980 863 1120 883 auctoritate
1140 866 1221 882 nostra
1237 869 1332 883 cesarea
1353 865 1432 883 tenore
1461 865 1602 890 presentium
1626 864 1736 884 donamus
1752 867 1821 891 atque
1836 867 2006 886 concedimus’¹.
2023 881 2029 886 .
2047 881 2052 886 .

1137 897 1163 918 G.
1174 899 1235 918 dalla
1254 898 1331 923 Corte,
1348 899 1426 919 Storiu
1441 900 1462 919 di
1479 899 1570 920 Verona
1587 898 1681 924 (1734).
1696 901 1734 921 lll.
1750 908 1771 927 p.
1785 900 1823 923 93.
1838 903 1912 929 vergl.
1927 909 1951 928 p.
1959 901 1995 923 82-
2015 901 2087 924 P.34.

170 939 237 963 2797
280 937 358 963 Miirz
403 936 484 962 Rom.
519 937 656 972 bestiitigt
682 941 782 965 seinen
807 942 860 973 (als
881 941 1052 967 Riimischer
1071 942 1181 977 Honig)
1211 943 1260 968 der
1287 943 1368 969 Stadt
1388 945 1430 970 St.
1451 944 1555 970 Gallen
1575 946 1744 979 gegebenen
1764 947 1916 973 inserit-ten
1938 948 2021 973 Brief
2038 950 2088 974 mit

297 982 338 1006 ΞΒ,
590 981 640 1006 der
659 981 847 1015 Erlaubniss,
874 984 938 1009 dass
958 984 1008 1009 der
1028 983 1176 1010 Stadii-ath
1203 985 1330 1011 daselbst
1357 986 1385 1011 in
1413 987 1464 1011 der
1491 987 1573 1012 stadt
1597 988 1655 1012 und
1681 988 1772 1014 ihrem
1799 989 1938 1015 Gebiethe
1959 991 2013 1016 alle
2034 991 2089 1016 Ge-

587 1024 697 1056 richte,
717 1024 862 1051 Amtleute
882 1026 940 1051 und
960 1025 1190 1056 „Nothdurften”
1219 1028 1269 1053 der
1289 1028 1370 1053 Stadt
1389 1029 1540 1059 bcsetzen,
1568 1032 1718 1055 entsetzen
1746 1031 1805 1056 und
1830 1040 1988 1065 versorgen
2015 1041 2097 1066 mag..

592 1066 669 1098 (Dat.
690 1067 792 1099 Grecz‚
813 1067 929 1103 Freitag
949 1077 1001 1094 vor
1020 1069 1048 1094 S.
1068 1068 1232 1104 Andrestag
1251 1069 1341 1100 1451.)
1366 1070 1428 1096 Ρόιι
1448 1072 1499 1097 100
1518 1070 1600 1096 Mark
1614 1071 1697 1098 Gold.
2003 1074 2035 1101 P.
2046 1076 2088 1100 25.

169 1121 237 1146 2798
292 1119 365 1145 -22,
436 1143 466 1147 ,,
518 1119 580 1153 gibt
604 1119 666 1145 dem
696 1120 807 1146 Com-ad
834 1122 893 1147 und
919 1122 1018 1147 Hanno
1044 1123 1201 1157 Rewhing,
1231 1126 1363 1157 genennt
1382 1123 1700 1156 Harscher‚Vette1-n,
1721 1127 1805 1152 einen
1825 1127 2014 1160 Wapenbrier
2033 1136 2089 1152 von

589 1160 709 1189 Nouem.

671 1206 727 1229 „Mit
749 1213 831 1226 namen
855 1208 920 1227 einen
941 1209 1008 1228 roten
1032 1207 1120 1228 schilde
1139 1209 1178 1228 mit
1198 1208 1262 1228 drein
1289 1209 1377 1228 eisnein
1399 1208 1487 1229 bakben
1510 1209 1561 1235 gelb
1579 1210 1673 1236 gestitet
1695 1212 1739 1232 vnd
1762 1219 1806 1232 von
1827 1213 1890 1233 cisen
1916 1213 2032 1239 gestefflet
2053 1219 2089 1239 ger

609 1242 735 1264 „schrenkt
750 1244 793 1263 vnd
809 1244 946 1270 ausgeteilet
961 1245 984 1264 in
997 1244 1066 1264 sechs
1082 1247 1118 1264 ort
1135 1245 1177 1264 des
1193 1245 1294 1265 scliildes
1310 1246 1354 1265 vnd
1365 1246 1431 1266 einen
1447 1246 1521 1266 helme
1537 1248 1635 1273 getziert
1650 1248 1690 1267 mit
1708 1249 1770 1268 einer
1787 1250 1853 1268 roten
1866 1249 1911 1269 vnd
1925 1250 2006 1275 gelben
2020 1249 2088 1269 belm»

611 1278 683 1301 „deck
697 1279 784 1300 habend
803 1280 887 1300 darauf
902 1282 937 1301 ein
952 1281 1077 1307 gelbrauns
1096 1281 1214 1301 baidnisch
1230 1281 1375 1307 Mammida,
1397 1283 1497 1308 griffund
1522 1284 1561 1303 mit
1585 1283 1629 1304 den
1650 1283 1756 1305 heuuden
1778 1286 1801 1305 in
1821 1286 1864 1305 den
1887 1288 1947 1311 part,
1963 1286 2089 1308 mitleinem

611 1318 680 1337 „totu
697 1316 770 1335 zuruk
786 1317 897 1343 gebogem
912 1317 966 1337 bute
981 1317 1025 1336 vnd
1040 1317 1105 1337 dreiu
1122 1320 1186 1337 roten
1201 1317 1330 1343 knfipheue·
2013 1321 2038 1341 Ρ.
2054 1320 2090 1341 95.

168 1356 235 1380 2799
289 1354 357 1380 —22
436 1378 466 1382 —
517 1361 579 1396 gibt
599 1362 661 1387 dem
682 1362 766 1389 Claus
786 1363 981 1389 Rreidenweis
1000 1365 1086 1390 einen
1104 1364 1302 1397 Wapenbrief.

670 1413 726 1436 „Mit
742 1420 822 1434 namen
839 1416 905 1434 einen
922 1414 989 1434 schilt
1004 1415 1083 1440 geteilt
1101 1415 1156 1435 iiber
1170 1416 1253 1436 zwirch
1270 1417 1343 1437 vnden
1359 1420 1395 1437 rot
1418 1417 1462 1436 vnd
1480 1418 1523 1436 obn
1539 1416 1592 1441 plab
1604 1430 1610 1439 ,
1633 1416 1720 1435 hahend
1738 1416 1759 1436 in
1779 1416 1827 1436 dem
1843 1417 1925 1443 plaben
1949 1417 2001 1437 teile
2023 1417 2089 1436 einen

611 1451 725 1473 „weissen
740 1450 834 1471 zwickel
851 1452 890 1470 mit
905 1452 976 1471 ciuem
993 1454 1060 1471 roten
1079 1455 1157 1472 sterne
1174 1454 1217 1472 vnd
1235 1454 1256 1472 in
1274 1453 1322 1473 dem
1337 1454 1426 1473 vndern
1441 1455 1507 1472 roten
1525 1453 1564 1472 teil
1578 1453 1645 1473 ninen
1660 1455 1758 1473 weissen
1774 1456 1853 1477 stet-n,
1870 1453 1943 1480 gelicb
1960 1453 2031 1472 vnder
2048 1453 2091 1472 deu

612 1487 699 1510 „obern
722 1488 830 1513 gestellet
848 1489 892 1507 vnd
911 1489 977 1507 einen
998 1488 1056 1508 belm
1073 1490 1173 1514 gecziret
1195 1490 1233 1508 mit
1254 1490 1316 1509 einer
1331 1492 1397 1510 roten
1413 1490 1457 1509 vnd
1474 1490 1557 1508 weissn
1573 1489 1676 1510 lielmdek
1693 1490 1797 1509 habunde
1814 1490 1899 1509 darauf
1912 1490 1947 1508 ein
1963 1488 2091 1508 brustbilde

612 1523 677 1545 „eius
692 1524 765 1550 jungu
790 1530 884 1544 mannes
906 1525 955 1543 sein
969 1524 1040 1544 haubt
1062 1527 1173 1551 geero'net
1194 1527 1301 1552 steigund
1316 1533 1362 1546 aws
1381 1527 1421 1546 der
1444 1532 1512 1546 crone
1534 1527 1572 1545 mi:
1594 1527 1665 1545 eiuem
1688 1525 1779 1552 guppbe
1802 1527 1850 1545 eins
1872 1525 2021 1551 beydnuscbn
2041 1525 2090 1546 but-

611 1563 663 1581 ».tes
685 1558 722 1580 fur
745 1561 793 1580 sich
818 1560 920 1587 gebogen
942 1561 1059 1587 geklaidet
1081 1563 1125 1582 vnd
1145 1562 1226 1588 geteilt
1248 1563 1303 1582 vber
1324 1562 1415 1582 zwirich
1433 1563 1472 1581 mit
1490 1563 1562 1582 varbn
1580 1562 1623 1581 vnd
1646 1564 1724 1582 sterne
1746 1562 1818 1588 gleich
1834 1563 1869 1582 als
1885 1563 1908 1582 in
1924 1562 1972 1581 dem
1995 1561 2089 1582 schim-'¹

2010 1596 2037 1617 P.
2053 1595 2092 1617 38.

168 1634 237 1659 2800
291 1631 364 1657 „22
436 1655 467 1660 -
514 1630 581 1665 gibt
599 1631 662 1656 dem
683 1631 835 1656 Geofridus
856 1631 889 1657 de
909 1631 1017 1665 Waya,
1037 1632 1170 1659 Dechant
1188 1641 1223 1658 an
1243 1633 1292 1658 der
1311 1636 1418 1658 untern
1438 1631 1479 1658 St.
1497 1631 1710 1658 Marienkirche
1730 1640 1766 1657 zu
1783 1631 1902 1657 Utrecht
1919 1632 1975 1656 und
1997 1630 2086 1656 Cano-

586 1674 669 1699 nicus
689 1682 744 1699 von
764 1673 896 1705 Liittich‚
916 1675 1000 1699 einen
1019 1675 1124 1700 Raths-
1147 1676 1204 1701 und
1223 1675 1409 1701 Dienstbricf.

670 1736 711 1748 ,,-
727 1725 784 1745 Dum
800 1727 872 1752 igitur
882 1726 943 1745 fama
958 1728 999 1745 tua
1013 1725 1145 1746 clarissima
1161 1732 1283 1752 personam
1298 1732 1359 1746 tuam
1376 1726 1523 1746 ornatissime
1538 1731 1669 1751 respersam
1682 1727 1772 1745 attenta
1787 1727 1860 1744 mente
1875 1730 2010 1750 pensamus.
2026 1724 2087 1743 dum-

613 1767 672 1788 „que
689 1765 728 1782 tue
743 1763 847 1782 virtuose
864 1763 997 1782 constantie
1019 1764 1209 1788 circumspectam
1226 1763 1363 1782 industriam
1386 1765 1408 1781 et
1423 1763 1445 1781 in
1460 1761 1601 1781 consulendo
1618 1761 1682 1781 fidem
1699 1762 1720 1781 in
1736 1761 1850 1781 fauiulatu
1866 1761 2008 1781 indefessum
2026 1760 2088 1779 labo-

610 1805 672 1821 „rem
689 1799 857 1824 perpendimus.
873 1799 1028 1819 Attendentes
1046 1801 1114 1819 etiam
1133 1799 1193 1825 qun‘d
1211 1805 1312 1825 persona
1326 1802 1366 1819 tua
1381 1802 1475 1825 propter
1491 1804 1600 1818 summam
1615 1799 1665 1818 eius
1681 1797 1824 1824 prudentiam
1841 1800 1863 1817 et
1877 1803 1953 1817 rerum
1970 1799 2088 1822 gestarum

611 1836 787 1861 „experientiam
806 1836 873 1855 uobis
895 1839 917 1855 et
937 1836 1031 1861 imperio
1053 1836 1174 1862 plurimum
1198 1837 1282 1862 poterit
1298 1841 1350 1855 esse
1366 1834 1509 1854 sructuosa’'.
1526 1845 1533 1852 -
1549 1847 1557 1854 .
2010 1832 2034 1852 P.
2049 1831 2090 1854 36·

169 1878 231 1902 2801
289 1879 364 1903 „22
519 1879 642 1904 verleiht
663 1880 718 1904 den
739 1879 907 1905 Gcbriidern
919 1880 1050 1905 Walther
1069 1881 1127 1905 und
1140 1880 1273 1913 Rudolph
1294 1888 1350 1905 von
1360 1879 1519 1905 Hoheneck
1540 1880 1594 1905 den
1614 1879 1677 1904 Zoll
1696 1879 1755 1904 und
1774 1879 1822 1904 das
1840 1877 1932 1903 Geleit
1951 1878 2000 1904 der
2021 1879 2089 1903 ofl'e-

586 1929 644 1946 nen
662 1921 774 1947 strasse
794 1931 830 1948 zu
850 1922 1039 1957 Ayttcrwang
1058 1922 1100 1947 bis
1120 1930 1156 1947 an
1176 1923 1219 1947 die
1239 1923 1367 1953 Rotam,
1394 1922 1451 1948 und
1471 1922 1608 1956 bestfitigt
1627 1922 1689 1947 ihre
1708 1921 1891 1954 privilegien.
1996 1920 2028 1948 P.
2045 1922 2087 1946 93.

169 1983 182 2003 (-

187 1980 200 1994 (λ

203 1979 219 2003 ς,

222 1982 236 2004 Κ.

289 1976 338 2001 ’ω

341 1976 355 1999 [υ

435 1998 465 2003 -
517 1974 608 2006 Papst
627 1973 764 2000 Nieolaus
784 1975 817 2002 V.
843 1976 955 2001 erlaubt
981 1976 1044 2001 dem
1068 1976 1102 2003 R.
1122 1976 1284 2007 Friedrich,
1312 1984 1348 2001 an
1374 1975 1577 2001 interdicirten
1604 1974 1696 2000 Orten
1721 1973 1918 1999 Gottesdienst
1936 1973 2036 1999 halteu
2057 1982 2091 1999 zu

587 2019 690 2044 lassen.

670 2075 710 2085 μ,
732 2061 835 2082 Tuis...
853 2062 942 2082 devotis
967 2062 1175 2089 supplicationibus
1191 2062 1309 2086 inclinati,
1328 2062 1449 2082 serenitati
1469 2064 1507 2081 tue
1530 2061 1670 2081 auctoritate
1692 2061 1832 2086 presentium
1847 2059 2006 2085 indulgemus,
2024 2065 2047 2080 ut
2071 2063 2089 2080 si

613 2099 710 2121 „forsan
732 2099 760 2118 ad
781 2098 833 2118 lota
853 2099 1009 2119 ecclesiastico
1032 2099 1156 2119 interdicto
1178 2099 1303 2124 supposita
1321 2101 1342 2118 te
1357 2099 1480 2124 contigerit
1495 2097 1629 2122 declinare,
1646 2097 1713 2116 liceat
1732 2097 1772 2116 tibi
1799 2097 1822 2115 iu
1849 2096 1894 2115 illis
1916 2097 1983 2115 etiam
2000 2099 2089 2122 apertis

611 2136 702 2158 „ianuis
724 2138 928 2156 excommunicatis
945 2139 1020 2156 tamen
1043 2138 1065 2155 et
1084 2135 1214 2155 interdictis
1237 2135 1340 2154 exclusis
1357 2135 1457 2161 pulsatis
1479 2134 1515 2155 vel
1537 2140 1582 2154 non
1601 2132 1700 2159 pulsatis
1716 2133 1832 2158 campanis
1850 2132 1898 2151 alta
1915 2132 1950 2151 vel
1973 2133 2090 2153 submissa

609 2179 681 2194 „voce
695 2176 763 2198 prout
778 2173 912 2192 discretioni
923 2176 961 2192 tue
977 2173 1091 2192 videbitur
1107 2172 1129 2192 in
1145 2174 1185 2191 tua
1200 2174 1222 2191 et
1238 2172 1414 2197 obsequentium
1433 2172 1472 2191 tibi
1487 2174 1510 2191 et
1523 2170 1621 2191 aliorum
1637 2174 1694 2195 quos
1711 2169 1738 2188 ad
1755 2168 1795 2188 boc
1813 2169 1968 2188 admittendos
1984 2170 2089 2189 decreve-

610 2211 657 2232 „ris
673 2210 793 2234 presentia
809 2210 901 2228 missam
926 2212 948 2228 et
963 2209 1008 2229 alia
1030 2210 1109 2228 divina
1123 2209 1200 2228 officia
1217 2208 1294 2228 fucere
1312 2207 1437 2232 celebrari,
1456 2208 1575 2228 dummodo
1591 2209 1616 2226 tu
1632 2205 1667 2225 vel
1681 2205 1713 2224 illi
1729 2210 1822 2225 causam
1839 2211 1884 2224 non
1900 2204 2010 2225 dederitis
2020 2206 2088 2225 inter-

246 2230 249 2266 l
612 2246 687 2268 ¹‚dicto
703 2251 743 2265 nec
758 2246 783 2264 ›iz‹
801 2246 840 2265 tibi
855 2245 890 2265 vel
907 2246 951 2265 illis
968 2246 1088 2272 contigerit
1103 2245 1236 2271 specialiter
1250 2244 1381 2264 interdicu-
1397 2257 1404 2264 .
1419 2256 1429 2265 .
1870 2240 1928 2261 Geli.
1946 2241 2087 2261 H.-Arcbiv.

168 2294 235 2319 2803
289 2293 355 2318 ..22
435 2315 465 2320 ,,,
518 2291 630 2316 erlaubt
656 2291 719 2316 dem
746 2290 778 2317 K.
804 2291 968 2321 Friedrich,
995 2291 1072 2316 seine
1104 2288 1388 2323 (osterreichischen)
1421 2287 1534 2315 Lssnder
1558 2287 1619 2312 und
1637 2285 1845 2312 Heri-sebasten
1865 2294 1900 2311 zu
1921 2286 2089 2312 vermehren

584 2333 645 2359 und
665 2342 701 2358 zu
721 2333 901 2359 verbessern.

669 2390 710 2400 ‚.-
728 2377 777 2397 Tue
796 2378 942 2397 celsitudinis
962 2377 1028 2397 favor
1044 2378 1067 2397 et
1088 2377 1178 2397 sincere
1194 2377 1323 2397 devotionis
1337 2376 1452 2399 affeetuS‚
1474 2381 1520 2401 quo
1539 2380 1595 2401 erga
1616 2379 1660 2394 nos
1682 2376 1703 2393 et
1727 2373 1850 2392 Romanam
1870 2372 1943 2392 clares
1959 2371 2088 2396 ecclesiam,

609 2420 669 2437 ..non
690 2415 781 2440 indigne
797 2417 927 2439 merentur,
944 2417 969 2434 ut
989 2415 1012 2434 in
1032 2414 1145 2439 hisrque
1160 2414 1200 2433 tibi
1222 2415 1244 2432 et
1266 2413 1367 2439 posteris
1388 2412 1435 2431 tuis
1462 2411 1585 2438 profutura
1606 2410 1707 2431 fuerint,
1732 2410 1881 2436 petitionibus
1896 2409 1959 2431 tuis⁷
1977 2410 2088 2434 quantum

610 2457 673 2473 „tum
690 2451 731 2470 deo
745 2452 872 2476 possimus,
887 2450 1045 2470 favorabiliter
1060 2456 1199 2470 annuamus.
1217 2450 1273 2470 Hinc
1290 2452 1335 2474 est,
1352 2449 1413 2475 quod
1430 2454 1482 2469 nos,
1498 2450 1523 2468 ut
1539 2450 1613 2467 terras
1624 2459 1630 2469 ‚
1648 2447 1754 2466 dominia,
1770 2449 1850 2466 castra
1865 2447 1887 2465 et
1906 2445 1956 2464 iura
1973 2446 2005 2464 tui
2021 2444 2088 2463 duca-

611 2490 663 2509 „tus
687 2487 782 2507 Austrie
798 2493 823 2506 ex
845 2487 1022 2513 quibuscunque
1043 2488 1109 2507 bonis
1130 2487 1158 2507 ad
1175 2490 1195 2507 te
1219 2488 1370 2512 undecunque
1385 2485 1483 2511 legitime
1497 2485 1686 2511 provenientibus
1706 2483 1826 2503 meliorare
1844 2484 1865 2501 et
1880 2483 2030 2506 augmentare
2046 2481 2089 2499 tui—

611 2530 671 2549 „que
687 2524 798 2549 heredes,
814 2524 836 2543 iu
852 2524 897 2543 iliis
913 2525 946 2543 sic
966 2523 1109 2546 melioratis,
1131 2524 1171 2544 tibi
1187 2524 1326 2547 succedere,
1344 2529 1369 2543 ac
1386 2524 1409 2542 tu
1430 2522 1468 2542 illa
1489 2528 1539 2542 cuni
1563 2527 1621 2541 sana
1644 2520 1785 2540 conscicntia
1800 2518 1869 2537 libere
1891 2519 1912 2536 et
1934 2517 1994 2536 licite
2010 2519 2088 2536 tenere

609 2561 724 2586 ”possitis
735 2574 741 2584 ³
757 2561 796 2580 tibi
812 2562 834 2580 et
850 2560 936 2580 eisdem
951 2560 1074 2580 heredibus
1090 2562 1230 2582 auctoritate
1245 2559 1373 2586 apostolica
1388 2562 1468 2579 tenore
1482 2559 1625 2585 presentium
1642 2556 1808 2583 indulgemus’'·
1826 2568 1833 2574 ·
1850 2566 1858 2574 ο
2058 2589 2062 2593 .

1293 2596 1378 2616 Kurvs
1393 2594 1478 2617 Gesch.
1494 2594 1521 2614 K·
1537 2593 1665 2615 Friedrichs
1681 2593 1718 2614 lv.
1732 2592 1749 2614 l.
1763 2598 1786 2618 p.
1800 2589 1854 2612 270.
1871 2589 1927 2610 Geh-
1943 2589 1970 2609 Η.
1980 2601 1985 2605 -
1995 2588 2087 2609 Archiv.
