2230 2898
218 322 282 346 Nro.
311 318 399 344 1455.

216 355 400 370 s-e-‘e‘w-

216 383 282 407 3355
317 379 385 431 Μξιγ

216 506 284 531 3356
320 525 353 529 -
372 504 396 529 2.

208 1139 276 1165 3357
316 1162 347 1165 .-
368 1140 393 1165 2.

207 1347 276 1371 3358
315 1362 347 1367 -—
367 1342 391 1368 3-

208 1580 276 1605 3359
313 1601 344 1605 -.
367 1577 391 1605 4.

212 2276 281 2302 3360

448 376 524 401 Neu-
566 375 687 400 verleiht
707 376 769 400 dein
789 375 896 400 Grafen
917 376 1048 401 Hanman
1074 384 1131 400 von
1155 376 1307 411 Lyningen
1332 378 1389 402 und
1410 377 1515 402 Grafen
1536 386 1571 403 zu
1587 378 1739 413 Ruxingen
1757 380 1804 406 das
1820 381 1935 407 Schloss
1949 381 2116 416 Hoemburg

447 413 529 437 Stffllt·
633 419 670 443 ini
691 420 901 450 'Nestoi-reich,
921 420 968 444 das
990 420 1079 445 durch
1097 419 1219 454 Abgang
1238 421 1286 446 des
1308 421 1414 446 Graten
1428 421 1545 446 Johann
1564 431 1619 447 von
1640 423 1819 459 Hoemburg,
1839 426 1880 450 als
1900 426 2010 451 letzten
2026 426 2118 451 dieses

634 462 790 495 Stmnmes,
810 464 851 488 als
873 464 917 488 ein
936 463 1204 489 Etlel-Mauulehen
1224 464 1287 490 dem
1306 465 1414 490 Reiche
1435 466 1644 500 heiingefallen
1662 475 1728 494 war.
2009 470 2040 496 P.
2059 471 2119 496 229.

473 524 505 528 .-
564 507 690 532 schreibt
710 507 773 532 dem
797 506 921 541 (Konige
930 516 986 532 von
996 507 1206 540 Frankreich);
1227 508 1299 534 iiber
1318 509 1372 534 den
1383 509 1587 544 Tiirkenkrieg
1607 510 1664 535 und
1684 511 1727 536 die
1747 513 1936 546 angeblichcn
1950 514 2113 539 Beschwev

632 551 686 575 den
706 551 801 576 seiner
820 551 1014 576 Heri-lichkeit
1033 560 1133 586 wegen
1151 551 1228 577 Metz
1255 561 1281 579 u.
1301 561 1322 580 s.
1341 561 1372 579 w.
1401 554 1496 579 werde
1522 553 1571 579 der
1589 554 1815 589 Ueberlninger,
1833 556 1922 582 Jacob
1948 566 2005 583 von
2024 557 2116 593 Trier,

633 595 690 620 ihm
710 595 758 620 das
778 595 892 620 Niihere
912 596 1080 622 inittheilen.

714 654 753 663 „-
773 640 926 661 Serenissimo
942 644 985 661 etc.
1000 648 1067 668 quarn
1083 642 1240 661 necessarium
1255 642 1297 665 sit,
1310 642 1352 661 hoe
1367 644 1469 670 tempore
1485 646 1565 664 nostro
1582 646 1662 664 eontra
1679 644 1786 664 Turehos
1800 650 1863 664 arma
1884 652 2004 672 capessere
2026 649 2064 674 qui
2080 654 2119 668 no-

655 681 740 702 „stram
758 680 889 706 religionem
905 681 1050 705 pessundare
1068 681 1173 700 nituntur
1190 682 1211 699 ct
1233 681 1291 700 alias
1313 681 1455 701 fraternitati
1478 686 1556 704 vestre
1580 683 1646 708 plene
1664 683 1802 708 scripsimus
1826 685 1848 702 et
1868 684 1888 703 id
1907 687 1985 704 vestra
2005 687 2119 706 serenitas

656 724 710 742 „per
728 723 781 737 sese
800 718 882 738 melius
898 720 968 738 novit.
986 718 1031 738 Nos
1049 720 1138 745 quidem
1155 726 1204 739 eum
1219 720 1305 739 nostris
1323 723 1344 738 et
1362 721 1450 745 imperii
1476 721 1535 740 sacri
1551 720 1654 740 fidelibus
1684 722 1705 740 in
1721 721 1762 740 hoc
1785 727 1854 747 opere
1876 725 1985 748 quantum
2009 725 2032 743 iu
2052 725 2119 744 nobis

656 756 743 778 „fuerit
761 756 866 776 laborare
881 763 925 777 non
939 757 1083 783 negligemus
1105 758 1245 777 confidentes
1262 758 1433 778 fraternitatem
1450 762 1550 778 vestram
1563 760 1584 778 in
1600 761 1644 779 tam
1660 760 1696 785 pio
1713 761 1803 785 negotiu
1820 760 1924 786 diligenti
1941 763 2013 781 auimo
2024 768 2118 782 coneur-

655 800 755 820 „suram‚
770 801 796 814 ea
811 797 903 820 propter
919 795 1073 821 intelligentes
1088 797 1233 816 serenitatem
1249 800 1349 816 vestram
1367 797 1394 816 ad
1414 799 1492 822 partes
1514 797 1603 822 imperii
1618 798 1692 817 nostri
1710 799 1864 824 propinquare
1880 800 2034 819 commisimus
2051 806 2119 820 vene>

653 833 736 855 „rabili
748 832 834 852 Jacobo
850 832 1031 860 Archiepiseopo
1041 833 1180 854 Trevercnsi
1194 835 1256 853 sacri
1272 834 1365 854 Romani
1381 835 1468 860 imperii
1484 841 1523 861 per
1537 834 1635 854 Galliam
1650 837 1671 854 et
1685 835 1816 855 Arelatensi
1839 837 2043 858 archicancellario
2058 839 2119 864 prin-

653 871 712 896 „cipi
728 871 822 891 electori
839 872 916 897 nepoti
933 874 1013 891 nostro
1028 872 1118 897 dilecto,
1135 875 1160 892 nt
1175 874 1218 892 tam
1237 879 1308 898 super
1323 872 1364 892 hae
1380 879 1403 893 re
1420 873 1561 893 defentlende
1577 873 1627 893 fidei
1643 876 1722 893 nostre
1745 874 1855 894 catholice
1879 881 1945 901 quam
1970 882 2039 902 super
2059 877 2119 896 facte

653 909 772 931 „civitatis
788 912 866 929 nostre
883 910 994 930 Metcnsis
1011 914 1033 930 et
1054 911 1106 930 aliis
1121 912 1202 931 vicinis
1218 912 1348 931 civitatibus
1367 914 1389 930 et
1406 912 1480 937 opidis
1497 912 1560 931 nobis
1576 912 1598 930 et
1613 912 1705 937 irnperio
1721 918 1788 931 sacro
1807 914 1915 933 subiectis
1930 916 2014 940 quibus
2029 916 2119 935 sereniv

652 950 704 969 „tas
720 951 800 967 vestra
815 948 946 973 aliqualiter
961 949 1080 974 indignata
1099 950 1198 969 refertur
1214 950 1325 969 nonnulla
1339 953 1420 969 nostro
1441 951 1531 970 nomine
1553 952 1630 969 vestre
1652 950 1791 970 fraternitati
1815 952 1901 971 referat
1926 953 1962 972 cui
1983 956 2007 972 ut
2030 953 2120 979 plenam

652 987 782 1008 „credentie
798 986 862 1006 fidem
880 992 949 1012 super
968 987 1003 1006 his
1020 987 1126 1007 adhibere
1142 994 1168 1007 ac
1185 994 1235 1008 euni
1254 990 1316 1008 uixta
1332 991 1408 1008 votum
1426 991 1531 1008 nostrum
1551 988 1655 1013 expedire
1672 988 1747 1008 velitis
1764 995 1907 1016 summopere
1925 993 2027 1017 cupimus
2039 991 2119 1011 volun-

651 1025 721 1046 „tarii
738 1025 877 1050 ubicumque
895 1026 1012 1051 possimus
1027 1026 1167 1052 complacere
1182 1028 1260 1046 vestre
1273 1027 1412 1046 fraternitati
1429 1033 1496 1053 quani
1513 1026 1590 1046 valere
1612 1032 1652 1052 per
1670 1027 1739 1053 longa
1755 1031 1858 1054 tempora
1874 1029 1973 1049 feliciter
1989 1032 2117 1055 optamus.’¹

2024 1068 2048 1088 P.
2065 1067 2117 1088 231.

561 1100 590 1124 it.
611 1099 832 1126 Credenzbriefe
854 1108 889 1125 an
909 1101 1012 1126 andere
1032 1101 1158 1126 Fiirsten
1179 1103 1235 1126 und
1256 1101 1361 1127 Stiidtc.
2007 1104 2039 1131 P.
2058 1106 2120 1132 232.

469 1162 500 1166 -
560 1146 699 1175 ernennt,
725 1145 846 1178 vei-mog
873 1145 923 1169 der
948 1145 1007 1169 ihm
1032 1146 1306 1183 nach-piipstlicher
1334 1146 1526 1181 Bewilligung
1553 1145 1751 1172 zustehonden
1778 1147 1901 1179 Gewalt,
1926 1149 1979 1173 den
1998 1148 2120 1174 Bischof

628 1188 738 1213 Aeneas
758 1197 814 1213 von
834 1189 919 1214 Siena
940 1188 1022 1222 (Aen.
1043 1189 1172 1223 Sylvius)
1196 1199 1260 1215 zum
1281 1191 1418 1216 visitator
1438 1190 1495 1216 und
1514 1191 1697 1216 Reformator
1717 1191 1764 1216 des
1785 1191 1915 1217 Klosters
1937 1192 2067 1219 Ossiach.

711 1247 751 1256 η..
769 1234 824 1254 Cum
840 1235 905 1254 nobis
922 1236 1059 1255 auctoritate
1075 1236 1203 1261 apostolica
1220 1242 1357 1256 concessum
1379 1238 1408 1256 sit
1430 1238 1454 1257 ut
1477 1237 1617 1256 monasteria
1640 1237 1744 1256 cuiusvis
1761 1238 1850 1257 ordinis
1866 1238 1888 1257 in
1904 1238 2010 1257 dominiis
2027 1240 2116 1258 uostris

653 1273 812 1296 „hereditariis
828 1274 983 1293 consistentia
998 1280 1038 1300 per
1053 1281 1174 1300 personam
1187 1275 1368 1295 ecclesiasticam
1383 1281 1450 1301 quain
1468 1275 1600 1294 duxerimus
1616 1275 1741 1301 eligendam
1758 1276 1849 1295 visitari
1864 1279 1884 1295 et
1905 1276 2026 1296 reformari
2043 1278 2119 1297 facere

653 1313 794 1337 „possimus,
811 1314 880 1337 prout
895 1313 916 1332 in
933 1312 1005 1332 literis
1023 1313 1124 1338 desuper
1143 1311 1252 1332 consectis
1267 1314 1358 1339 plenius
1373 1314 1557 1333 continetuffn..
2024 1315 2048 1334 Ρ.
2065 1314 2116 1335 237.

469 1368 500 1374 .,
560 1349 681 1373 verleiht
700 1349 763 1374 dein
783 1348 817 1375 N.
838 1349 1039 1374 Braitenloher
1060 1351 1105 1374 ein
1127 1350 1244 1382 Vl'upen.

712 1407 751 1417 ‚,-.
771 1394 813 1414 Mit
832 1401 912 1414 namen
931 1397 996 1415 einen
1017 1398 1130 1415 swartzen
1147 1396 1214 1415 scliilt
1228 1397 1309 1416 darinn
1325 1397 1360 1416 ein
1376 1397 1453 1423 gelber
1468 1398 1579 1416 statumen
1595 1397 1633 1416 mit
1649 1397 1697 1416 vier
1714 1398 1793 1416 essten
1816 1396 1872 1415 vber
1894 1396 1975 1415 zwircli
1996 1397 2035 1416 des
2052 1397 2119 1416 schil-

653 1432 707 1454 „des
721 1433 821 1452 damusz
840 1433 897 1453 auch
920 1434 1012 1453 vberieh
1036 1435 1214 1460 entspringende
1236 1436 1275 1454 ain
1297 1435 1361 1460 gelbe
1385 1435 1458 1455 aichel
1479 1435 1519 1454 mit
1539 1440 1631 1460 zweyen
1653 1434 1725 1454 ait-hel
1741 1434 1835 1460 pletteln
1853 1434 1896 1453 vnd
1911 1435 1954 1454 auf
1968 1435 2016 1454 deni
2033 1435 2118 1455 schilde

653 1472 716 1493 „eine
733 1471 803 1490 helme
818 1472 915 1497 getziert
933 1474 972 1491 mit
987 1473 1050 1491 einer
1068 1475 1181 1492 swartzen
1199 1474 1242 1492 vnd
1266 1473 1347 1499 gelben
1369 1473 1516 1493 lielmdecken
1539 1473 1582 1493 vnd
1605 1474 1644 1492 mit
1665 1474 1727 1492 einer
1750 1472 1831 1498 gelben
1852 1478 1920 1491 crone
1945 1474 2053 1498 gecronet
2071 1476 2119 1493 ent-

652 1510 805 1535 „springende
822 1510 920 1529 darausz
937 1516 1000 1530 zwen
1016 1513 1099 1530 swartz
1117 1511 1229 1536 gccleidet
1245 1512 1416 1537 auss‘geworffen
1430 1518 1494 1531 arme
1510 1511 1612 1531 habende
1628 1511 1650 1530 in
1666 1511 1708 1530 den
1730 1510 1834 1529 lieunden
1853 1510 1910 1529 ancli
1927 1510 1993 1530 einen
2010 1514 2120 1532 stammen

652 1549 705 1570 „mit
720 1550 798 1567 essten
812 1548 899 1567 aicheln
914 1549 957 1568 vnd
974 1549 1071 1574 plettern
1086 1555 1130 1568 von
1146 1550 1230 1568 vai-ben
1245 1549 1289 1569 vnd
1302 1549 1390 1576 figuren
1409 1550 1526 1575 geschickt
1543 1550 1577 1569 alz
1599 1551 1620 1568 in
1636 1550 1684 1568 dem
1702 1549 1825 1569 scliilde’'..
1836 1561 1842 1568 .
2031 1549 2056 1569 Ρ.
2069 1548 2120 1570 238.

468 1604 498 1609 -
557 1585 666 1618 spricht
690 1585 744 1610 den
770 1585 942 1611 Erzbischos
972 1586 1094 1617 Quintili
1124 1595 1179 1610 uin
1200 1586 1307 1611 Bisuuz
1334 1594 1390 1611 von
1418 1587 1473 1611 den
1499 1585 1600 1611 Piinen
1624 1585 1682 1610 und
1702 1585 1751 1610 der
1769 1585 1924 1619 Ungnade,
1945 1585 1988 1610 die
2008 1594 2039 1611 er
2058 1587 2119 1611 sich

627 1627 717 1654 durch
745 1630 842 1654 scinen
869 1630 1072 1663 Ungehorsani
1097 1638 1262 1664 zugezogen
1288 1630 1383 1663 hatte,
1410 1631 1468 1662 los,
1495 1631 1551 1655 und
1579 1630 1702 1656 verleiht
1721 1629 1780 1654 ihm
1800 1638 1856 1654 von
1876 1629 1984 1655 Nouem
2004 1631 2046 1655 die
2065 1631 2119 1656 Re>

626 1674 728 1707 galien.
748 1673 810 1698 Ptin
829 1675 863 1699 50
882 1674 963 1699 Mark
985 1673 1068 1699 Gold.

709 1731 749 1741 ,‚-
768 1719 867 1744 Ideoque
886 1725 1023 1745 quamquain
1038 1722 1062 1739 tn
1078 1720 1239 1739 nonnullorum
1255 1720 1404 1746 suggestione
1421 1720 1531 1740 seductus
1547 1720 1611 1739 nisus
1627 1719 1693 1738 fuisti
1710 1724 1723 1738 a
1746 1719 1833 1738 nostris
1854 1719 2003 1744 beneplacitis
2028 1722 2050 1739 et
2065 1721 2118 1740 obe-

650 1757 750 1779 „dientic
766 1758 855 1777 semitis
871 1759 984 1777 cecidisse
1001 1759 1054 1784 quia
1071 1761 1146 1778 tamen
1162 1764 1221 1778 nnnc
1237 1759 1324 1777 saniori
1343 1758 1426 1777 ductus
1449 1758 1547 1777 consilio
1564 1757 1592 1777 ad
1615 1757 1678 1776 fidem
1702 1757 1801 1776 debitam
1818 1761 1839 1776 et
1860 1757 1887 1777 ad
1909 1758 2016 1777 mandata
2037 1762 2119 1778 nostra

649 1798 810 1821 „spontaneus
826 1796 915 1815 rediisti
931 1798 1001 1821 atque
1019 1799 1039 1816 te
1054 1797 1192 1816 convertisti
1208 1799 1286 1816 nostre
1303 1796 1431 1820 majestatis
1447 1796 1543 1821 gratiam
1559 1795 1676 1815 humiliter
1692 1795 1818 1815 invocando
1830 1808 1836 1816 ,
1859 1801 1886 1814 ea
1902 1796 1929 1815 de
1943 1802 1968 1815 re
1982 1797 2119 1823 contempla-

650 1834 726 1855 ¹,tione
741 1834 842 1853 illustris
858 1835 971 1860 principis
987 1835 1068 1854 domini
1087 1834 1114 1854 N.
1130 1835 1260 1860 Burgundie
1275 1835 1341 1854 ducis
1357 1835 1398 1853 etc.
1413 1840 1455 1860 pro
1471 1837 1492 1853 te
1506 1840 1562 1860 erga
1577 1837 1599 1853 et
1615 1834 1674 1859 apud
1692 1839 1734 1853 nos
1749 1834 1863 1852 instanter
1881 1834 2043 1854 intercedentis
2061 1836 2121 1855 eius—

649 1878 708 1898 „que
724 1873 876 1898 petitionibus
895 1873 1017 1898 benignius
1033 1872 1136 1892 inclinati
1151 1873 1335 1892 consideratione
1350 1873 1416 1892 etiarn
1439 1874 1476 1892 tue
1493 1879 1548 1898 pure
1563 1871 1616 1892 fidei
1633 1875 1654 1891 et
1670 1872 1799 1891 devotionis
1817 1873 1914 1896 sincere,
1930 1875 1983 1892 nate
1998 1874 2120 1898 prudentIe

650 1914 733 1936 „atque
749 1911 913 1931 sollicitudinis
930 1912 1056 1937 approbate
1071 1912 1110 1931 tibi
1128 1912 1248 1938 ignoscere
1265 1912 1369 1931 volentes
1386 1917 1472 1930 omnem
1488 1911 1576 1937 eulpam
1593 1917 1660 1937 quam
1679 1914 1704 1930 tu
1726 1912 1753 1930 ob
1775 1911 1890 1936 premissa
1906 1916 1948 1930 seu
1964 1911 2022 1930 alias
2040 1914 2121 1932 contra

650 1950 807 1971 „maiestatem
822 1952 926 1970 nostram
944 1951 1073 1970 incurrisse
1090 1951 1218 1970 dinosceris
1234 1956 1274 1970 nec
1289 1956 1332 1969 non
1347 1955 1419 1976 penas
1437 1950 1551 1975 quaslibet
1567 1955 1625 1974 quas
1643 1952 1664 1968 tc
1682 1950 1728 1968 illis
1748 1949 1774 1968 de
1790 1949 1869 1968 causis
1889 1949 2007 1974 incidisse„
2023 1956 2062 1976 per
2078 1956 2120 1970 nos

649 1988 833 2010 „sententialiter
852 1989 983 2008 declaratus
1006 1990 1088 2008 existis
1113 1990 1139 2008 de
1162 1989 1302 2015 benignitate
1325 1990 1404 2007 nostre
1427 1994 1521 2008 cesaree
1547 1989 1674 2007 maiestatis
1689 1987 1810 2006 clementia
1826 1987 1990 2007 deliberatione
2005 1989 2121 2014 premissa

651 2026 846 2047 „misericorditer
862 2027 1030 2053 clementerque
1045 2028 1150 2047 duximus
1165 2027 1312 2046 remittendas
1330 2028 1465 2046 remittimus
1479 2026 1624 2052 indulgemus
1640 2029 1708 2051 atque
1725 2025 1863 2049 relaxatum,
1879 2031 1919 2045 nec
1936 2032 1980 2045 non
1996 2028 2017 2045 te
2032 2027 2059 2046 ab
2076 2028 2122 2046 eis.

650 2064 714 2086 „dem
730 2065 822 2089 penitus
838 2068 859 2084 et
878 2066 900 2084 in
917 2068 962 2084 toto
979 2066 1120 2085 absolvimus
1142 2072 1182 2091 per
1198 2068 1320 2091 presentes
1335 2065 1473 2090 recipientes
1490 2068 1512 2083 te
1534 2071 1561 2084 ex
1577 2071 1637 2084 nunc
1653 2064 1778 2084 omnimode
1794 2064 1816 2082 in
1832 2066 1911 2083 nostre
1927 2065 2055 2084 maiestatis
2071 2071 2124 2091 gra—

651 2103 719 2125 „tiam
732 2106 802 2128 atque
820 2103 906 2122 favoris
925 2105 999 2123 nostri
1014 2105 1098 2128 sinum⁷
1116 2108 1137 2124 et
1153 2106 1177 2123 ut
1194 2111 1207 2123 a
1229 2105 1350 2128 majestate
1371 2107 1451 2123 nostra
1469 2109 1565 2123 ‹esai-ea
1579 2103 1710 2129 ampliorem
1728 2103 1824 2128 gratiam
1841 2104 1862 2121 te
1878 2103 1982 2128 gaudeas
1996 2105 2017 2122 et
2034 2105 2122 2123 sentias

651 2141 782 2164 „invenisse
799 2143 820 2161 te
836 2142 1019 2162 consideratione
1037 2143 1090 2162 dicti
1106 2142 1132 2162 N.
1148 2143 1212 2162 ducis
1229 2143 1361 2168 Burgundie
1378 2142 1487 2168 principis
1504 2143 1578 2161 nostri
1597 2142 1689 2167 'sineere
1711 2140 1787 2160 dilecti
1810 2140 1839 2160 ad
1863 2141 1973 2161 universa
1992 2143 2013 2161 et
2028 2141 2122 2168 singula

653 2179 745 2203 „fenam
761 2180 858 2205 regalia,
875 2181 991 2205 dominia,
1011 2182 1065 2205 jura
1079 2182 1227 2201 inmunitates
1248 2183 1318 2207 atque
1333 2181 1454 2207 privilegia
1470 2182 1510 2200 tibi
1533 2182 1554 2200 et
1575 2183 1613 2200 tue
1638 2179 1734 2199 ecclesie
1759 2178 1882 2199 Bisuntine
1905 2185 1945 2206 per
1963 2186 2121 2206 quoscumque

653 2218 819 2241 „Romanorum
841 2220 992 2245 imperatores
1015 2222 1036 2239 et
1058 2226 1125 2245 reges
1148 2222 1217 2244 atquc
1241 2226 1397 2245 quoscumque
1417 2220 1476 2239 alios
1501 2219 1684 2245 quibuscumque
1705 2218 1835 2237 nominibus
1852 2220 1992 2238 censeantur
2010 2224 2121 2238 concessa

653 2260 711 2279 ‚,etc.
728 2260 770 2276 etc.
788 2258 814 2276 de
829 2258 971 2283 plenitudine
987 2260 1066 2277 nostre
1080 2264 1174 2278 cesaree
1190 2259 1314 2284 potestatis
1330 2259 1462 2284 reponimus
1479 2257 1624 2277 restituimus
1641 2258 1710 2282 atque
1728 2256 1950 2282 i·eintegrainns’¹-..
2026 2256 2050 2275 P.
2067 2254 2120 2276 2:3'4.

470 2311 501 2315 —
560 2293 697 2327 bestiitigt
716 2294 760 2318 die
780 2293 954 2328 Privilegien
974 2295 1022 2320 der
1042 2294 1124 2319 Stadt
1143 2295 1255 2319 Worms
1276 2296 1334 2320 und
1354 2295 1498 2320 vermehrt
1518 2293 1671 2319 dieselben.
1692 2291 1754 2317 Pan
1776 2293 1809 2317 50
1826 2292 1909 2317 Mark
1929 2292 2011 2317 Gold.

713 2348 755 2361 ‚‚—
769 2339 816 2359 Vnd
834 2345 898 2359 wann
914 2342 953 2359 wir
969 2341 1029 2360 dann
1045 2341 1114 2360 durch
1131 2341 1169 2360 der
1186 2343 1342 2366 vorgenanten
1358 2347 1403 2361 von
1422 2340 1511 2359 Wornis
1528 2338 1659 2358 bottschass't
1679 2338 1799 2358 dersclben
1815 2340 1872 2358 statt
1891 2338 2025 2358 inereklichn
2041 2339 2119 2365 gebre-

655 2377 726 2400 „elien
745 2378 845 2398 (ladurch
861 2379 947 2399 dieselb
966 2381 1013 2398 stat
1028 2380 1050 2398 in
1066 2378 1192 2398 koinenden
1206 2380 1287 2402 zenan,
1304 2385 1337 2398 wo
1354 2379 1393 2398 der
1408 2379 1440 2398 uit
1456 2377 1595 2404 fiirgeselien
1613 2378 1704 2400 wnrde,
1732 2377 1755 2396 in
1772 2376 1950 2402 verliengliclieit
1968 2377 2015 2396 ires
2031 2383 2121 2397 wesens

655 2415 750 2437 „konnen
770 2417 856 2436 moclite
871 2417 927 2436 auch
944 2417 1074 2436 vndvrritht
1093 2418 1150 2441 sein,
1168 2417 1240 2437 haben
1255 2418 1295 2436 wir
1320 2417 1370 2436 vmb
1383 2417 1496 2442 siirdrnng
1514 2417 1557 2435 rud
1580 2422 1705 2435 zuneniens
1726 2415 1802 2434 willen
1824 2416 1863 2434 der
1880 2415 1993 2434 benanten
2014 2417 2072 2435 stati.
2093 2422 2121 2441 sy

656 2454 713 2479 „bey
728 2460 770 2473 vus
786 2455 830 2474 vnd
847 2455 894 2474 dem
912 2455 1010 2481 heiligen
1026 2456 1101 2475 reiclie
1116 2457 1138 2475 in
1154 2458 1223 2482 guten
1239 2457 1298 2474 state
1314 2456 1356 2475 vnd
1372 2461 1447 2475 wesen
1467 2454 1594 2480 guediclich
1609 2461 1638 2474 zu
1655 2454 1760 2474 behalten
1778 2454 1819 2473 den
1844 2455 1999 2478 vorgenanten
2022 2453 2121 2479 burgern

656 2493 713 2515 „vud
731 2494 787 2512 etatt
803 2500 830 2512 ιιι
851 2493 941 2513 Worms
960 2494 1008 2513 dise
1029 2494 1209 2519 naehgeschribn
1226 2494 1353 2513 besondern
1376 2494 1464 2519 gnaden
1488 2496 1556 2518 getan
1581 2493 1625 2512 vnd
1646 2492 1738 2512 freiheit
1755 2492 1869 2518 gegeben,
1892 2493 1932 2510 tun
1947 2491 1991 2510 vnd
2008 2493 2080 2517 geben
2097 2493 2120 2511 in

656 2531 705 2553 „die
720 2537 763 2550 von
780 2531 910 2551 Roinischer
923 2532 1071 2552 kaiserliclier
1088 2533 1162 2552 maclit
1175 2531 1340 2551 volkomcnheit
1355 2532 1412 2551 auch
1430 2531 1570 2550 wisscntlich
1586 2532 1625 2550 mit
1641 2531 1710 2550 niseni
1731 2529 1797 2553 brief,
1811 2529 1854 2549 vnd
1871 2529 1952 2548 wollen
1969 2529 2010 2549 das
2027 2536 2057 2550 nu
2073 2530 2121 2550 hin.

656 2569 708 2591 „fiir
724 2570 850 2592 niemznuls,
869 2577 914 2589 wer
929 2571 968 2590 der
985 2571 1038 2590 oder
1055 2572 1090 2590 die
1106 2573 1164 2595 sein,
1178 2572 1283 2596 geistlicli
1301 2571 1356 2591 noch
1372 2569 1482 2589 werltlicli
1500 2575 1584 2595 person
1599 2570 1681 2589 keinen
1696 2569 1770 2593 lione,
1786 2573 1883 2592 wonung
1900 2567 1957 2586 noch
1976 2567 2065 2592 ligende
2081 2568 2120 2594 gii·-

658 2611 721 2629 ,.tere
740 2608 762 2627 in
775 2608 814 2627 der
829 2611 887 2628 statt
904 2608 992 2628 Worins
1010 2610 1052 2629 vnd
1070 2610 1123 2630 ireni
1141 2610 1287 2629 burckbnnne
1304 2609 1397 2635 gelegen
1413 2608 1504 2627 kanss‘en
1521 2608 1577 2627 noch
1593 2609 1615 2627 in
1633 2608 1693 2633 einig
1710 2606 1851 2626 anderweise
1867 2611 1896 2625 an
1910 2605 1957 2624 sich
1968 2612 2048 2626 nemen
2062 2607 2120 2626 solle

658 2647 728 2667 buoch
751 2648 815 2673 infige
838 2654 879 2667 nuc
903 2648 1016 2667 honneur
1040 2651 1108 2673 gunst
1125 2648 1167 2668 vnd
1187 2648 1344 2674 verwilligung
1361 2648 1399 2666 (les
1417 2647 1597 2672 burgernieistcr
1616 2647 1659 2665 vnrl
1675 2647 1737 2665 rates
1756 2644 1858 2669 dasele,
1875 2644 1914 2664 der
1931 2643 1986 2663 oder
2002 2644 2119 2665 ‹liesclben
