2267 2880
242 139 341 181 290
674 139 990 184 Friedrich
1020 140 1109 183 IV.
1141 141 1270 198 (III.)
1302 153 1419 194 1452,
1447 153 1548 198 April
1574 156 1735 191 23-25.

242 230 2160 255 ...Ἦ

242 260 324 289 Nr0,'
349 259 437 285 1452.

240 303 308 353 23-{3
343 298 432 353 {prii
474 320 556 347 Rom.
590 321 619 346 it⁴
638 321 692 346 den
708 321 804 353 Peter,
821 320 902 346 Sohn
917 321 964 346 des
985 321 1133 347 Johannes
1153 321 1187 347 de
1206 320 1357 347 Nobilibus
1375 321 1408 346 de
1423 320 1535 347 Noxeto
1550 322 1579 346 in
1595 322 1646 347 der
1661 322 1974 358 Piaceuzerfflfficese,
1990 327 2048 352 und
2063 328 2161 353 seineu

367 357 411 382 23.
660 363 773 389 Bruder
789 363 889 388 Jacob.

741 421 782 430 ,,-
797 409 894 433 Insuper
908 407 936 426 de
949 409 1031 426 nostra
1047 406 1159 432 imperiali
1175 408 1331 428 munificentia
1354 408 1393 427 tibi
1415 408 1505 434 prefato
1528 408 1603 427 comiti
1621 407 1720 434 filiisque
1737 411 1759 428 et
1776 409 1897 431 heredibus
1914 412 1961 431 tuis
1976 418 2002 431 ac
2018 413 2157 433 descenden-

681 445 758 466 „tibus
777 449 870 467 eorum,
896 443 1035 463 auctoritate
1059 449 1156 462 cesarea
1178 443 1259 464 damus
1283 447 1305 464 et
1329 445 1473 470 concedimus
1497 450 1537 469 pro
1561 444 1662 464 uberiori
1684 447 1768 465 ornatu
1792 448 1813 465 et
1835 447 1916 467 decore
1940 453 2053 468 armorum
2071 452 2159 469 vestro-

679 486 756 503 ..rum⁵
773 480 833 506 quod
851 485 923 505 supra
939 484 1001 498 arma
1018 481 1098 498 vestra
1114 482 1228 500 consueta
1243 482 1307 500 aurei
1324 487 1366 500 sen
1382 481 1456 500 crocei
1472 480 1558 499 coloris
1573 482 1595 500 in
1612 481 1672 500 omni
1696 482 1806 501 exercitio
1823 482 1913 502 militari
1937 489 1962 503 ae
1986 485 2008 504 in
2025 486 2084 505 omni
2107 485 2158 505 loco

679 518 787 542 ..gestare
804 519 826 536 et
843 516 933 536 deterre
951 518 972 535 et
989 515 1080 541 depingi
1097 515 1175 536 facere
1191 517 1289 542 possitis
1306 519 1328 536 et
1345 517 1447 537 debeatis
1462 516 1627 542 impedimentis
1655 518 1797 544 quibuslibet
1821 519 1975 540 cessantibus.
2080 519 2105 540 P.
2120 519 2158 541 27·

238 568 306 594 2834
357 563 435 588 -23,
494 584 527 588 —
584 558 721 594 bestiitigt
741 561 803 585 dem
823 559 949 593 Prosper
974 560 1007 585 de
1032 559 1176 591 Colonua,
1204 560 1473 587 Cardinal-Diacon
1500 562 1529 587 S.
1554 561 1670 596 Georgii
1702 563 1736 587 ad
1757 563 1855 588 velum
1877 571 1995 590 aureum
2022 566 2080 591 und
2103 566 2159 591 den

654 601 826 628 Gebriidern
849 601 975 627 Antonio
998 601 1057 626 und
1078 601 1229 634 Odoardo,
1256 602 1375 628 Siihnen
1399 603 1449 629 des
1473 603 1645 629 Laurentius
1667 604 1701 629 de
1725 604 1854 630 Colonna
1874 605 2062 636 (Ramischeu
2084 608 2158 633 Bfir-

653 645 739 677 geru)
766 645 828 669 eine
850 644 980 669 iuserirte
1001 644 1139 669 Urkunde
1168 645 1217 670 des
1236 644 1318 671 Ram.
1341 644 1373 672 K.
1397 644 1515 679 Ludwig
1536 654 1600 671 vom
1626 646 1714 671 Jahre
1736 648 1821 678 1315,
1843 647 1908 672 Dat.
1926 648 2084 682 Ratispone
2101 651 2159 683 pri-

652 685 696 710 die
712 686 752 712 kl.
771 686 848 717 deo,
872 686 1010 711 wodurch
1030 687 1159 712 derselbe
1181 687 1231 712 der
1252 687 1372 712 Familie
1389 687 1519 713 Colonna
1539 687 1582 713 die
1609 687 1718 713 Gewalt
1744 689 1883 720 verleiht,
1905 689 2011 715 Notare
2032 699 2067 716 zu
2087 693 2157 718 crei-

651 735 717 759 ren,
739 728 1062 754 Unehelich-Geborne
1080 737 1115 753 zu
1137 727 1312 763 legitimiren
1336 728 1394 753 und
1410 728 1533 754 Miiuzen
1548 737 1583 754 zu
1598 730 1745 764 schlagen.

733 772 875 795 „Ludovicns
890 775 934 793 etc.
949 772 1038 792 dilectis
1053 773 1096 792 sibi
1110 772 1225 799 Stephano
1242 777 1263 792 et
1278 772 1364 792 Jacobo
1380 773 1440 792 dicto
1457 772 1546 792 Sciarre
1560 773 1670 794 fratribus
1686 781 1713 795 ae
1725 774 1829 794 Jordano
1844 777 1866 794 et
1882 774 1952 795 Petro
1974 775 2026 795 tiliis
2042 777 2157 802 quondam

674 807 780 835 „Agripti
795 810 821 829 de
837 809 964 835 Columpna
976 810 1098 835 nepotibus
1114 816 1192 829 eorum
1212 809 1326 829 nobilibus
1344 809 1431 829 civibus
1447 810 1496 829 suis
1512 809 1658 829 Ronmnis‘2..
1669 824 1676 830 .
2081 812 2108 832 P.
2119 811 2156 833 35.

236 856 303 880 2335
352 847 428 873 -23.
488 867 520 873 -
580 848 670 883 Papst
686 850 816 876 Nicolaus
840 851 872 878 V,
893 853 1032 884 gestattet
1050 851 1105 876 den
1130 851 1347 876 Klosterfrauen
1365 859 1401 876 zu
1416 850 1506 884 (ἔδεε,
1531 852 1582 876 auf
1598 850 1789 878 Intercession
1805 853 1855 878 des
1878 852 1910 878 K.
1927 852 2096 886 Friedrich,
2119 861 2156 879 an

648 893 665 918 8
685 891 788 926 Tagen
803 893 833 917 in
847 893 898 918 der
915 889 1021 918 Woclie
1037 893 1153 918 Fleisch
1169 901 1205 918 zu
1222 900 1315 919 essen.

731 935 806 959 „Sane
830 936 890 955 sicut
916 942 957 961 pro
980 939 1045 961 parte
1070 939 1149 956 uestra
1171 942 1249 956 coram
1270 937 1336 956 nobis
1360 942 1433 962 nuper
1457 937 1558 957 exhibita
1573 938 1654 963 petitio
1670 938 1817 963 continebat,
1840 938 1901 964 quod
1916 939 1972 964 quia
1990 940 2155 958 monasterium

671 974 789 995 „vestrum
804 973 864 991 iuter
879 975 968 990 montes
985 978 1010 991 ac
1027 973 1048 991 in
1064 973 1140 998 patria
1155 972 1240 998 frigida
1255 974 1313 993 satis
1328 976 1350 992 et
1364 973 1439 994 sterili
1457 974 1525 993 situm
1541 976 1577 993 est
1598 974 1658 993 unde
1675 977 1769 999 propter
1782 975 1878 1000 piscium
1894 976 1916 994 et
1932 980 2026 994 ovorum
2049 975 2155 995 aliorum-

671 1014 730 1034 „que
747 1014 788 1034 pro
804 1007 961 1027 nutrimentali
977 1014 1097 1033 corporum
1115 1010 1286 1028 sustentatione
1303 1010 1487 1028 necessariorum
1503 1010 1619 1029 caristiam
1635 1011 1754 1036 penuriam
1778 1013 1800 1030 et
1815 1010 1927 1030 defectum
1947 1011 2014 1031 uobis
2028 1017 2054 1031 ac
2069 1013 2155 1032 vestris

671 1045 866 1066 „successoribus
891 1044 992 1064 eiusdem
1016 1045 1150 1064 monasterii
1172 1045 1298 1064 abbatissis
1318 1045 1455 1064 monialibus
1480 1047 1504 1064 et
1525 1047 1630 1071 personis
1653 1046 1681 1065 ad
1703 1052 1801 1072 presens
1824 1048 1977 1067 existentibus
2000 1053 2070 1073 grave
2086 1048 2154 1068 nimis

670 1082 771 1102 „existat
786 1081 813 1100 nb
828 1086 870 1100 esu
890 1082 992 1100 carnium
1010 1080 1111 1100 totaliter
1129 1081 1265 1106 abstinere,
1282 1088 1324 1101 nus
1339 1082 1487 1102 attendentes
1504 1082 1565 1108 quod
1587 1083 1638 1102 sine
1654 1083 1769 1108 corporali
1784 1084 1954 1103 sustentatione
1971 1086 2039 1104 actus
2064 1084 2154 1109 prefato

671 1116 757 1139 „cultui
773 1116 860 1135 debitos
878 1117 900 1136 in
915 1117 955 1136 hoc
972 1117 1084 1136 materiali
1107 1123 1204 1142 corpore
1221 1118 1341 1137 constituti
1358 1124 1458 1144 congrue
1477 1124 1585 1138 exercere
1604 1124 1650 1138 non
1666 1119 1777 1144 possitis⁷
1800 1121 1933 1145 vestrisque
1948 1126 1974 1140 ae
1989 1125 2153 1140 successorum

672 1155 816 1173 „vestrorum
833 1153 934 1172 eiusdem
950 1154 1083 1172 monasterii
1098 1153 1270 1173 abbatissarum
1285 1155 1416 1174 monialium
1433 1157 1455 1174 et
1479 1160 1631 1180 personarum
1647 1155 1674 1174 ad
1690 1160 1788 1180 presens
1804 1156 1952 1176 existentium
1969 1156 2100 1176 huiusmodi
2115 1162 2156 1175 na-

669 1189 798 1211 „turalibus
814 1189 984 1209 conditionibus
1001 1195 1097 1217 paterno
1112 1192 1278 1216 compatientes
1294 1191 1378 1210 affectu
1395 1197 1435 1210 nee
1450 1197 1495 1210 nou
1509 1191 1599 1211 devotis
1619 1191 1732 1210 carissimi
1749 1192 1772 1210 in
1789 1190 1881 1210 Christo
1896 1191 1936 1211 filii
1951 1193 2026 1212 nostri
2041 1191 2154 1212 Friderici

670 1225 837 1247 „Romanorum
859 1227 1008 1251 imperatoris
1032 1233 1121 1253 semper
1142 1227 1237 1252 augusti
1252 1227 1318 1246 nobis
1341 1233 1411 1253 super
1433 1227 1476 1246 hoc
1501 1227 1617 1247 humiliter
1640 1227 1794 1253 supplicantis
1814 1227 1921 1253 precibus
1947 1228 2067 1253 inclinati,
2089 1229 2155 1247 vobis

671 1262 817 1288 „vestrisque
841 1264 1020 1282 successoribus
1034 1263 1138 1283 eiusdem
1159 1264 1293 1283 monasterii
1309 1264 1437 1283 abbatissis
1453 1263 1590 1283 monialibus
1608 1267 1628 1283 et
1645 1265 1753 1289 personis
1774 1269 1815 1289 pro
1831 1267 1932 1289 tempore
1954 1265 2108 1284 existentibus
2129 1266 2154 1284 ut

672 1299 761 1319 ¹¹tribus
778 1299 860 1318 diebus
878 1299 977 1325 singulis
994 1300 1126 1319 ebdomadis
1143 1300 1229 1326 quibus
1245 1300 1303 1319 :ilias
1322 1300 1348 1318 de
1364 1300 1412 1318 iure
1430 1299 1465 1318 vel
1485 1300 1654 1319 consuetudine
1670 1305 1713 1319 non
1728 1302 1764 1319 est
1784 1305 1839 1319 esus
1855 1301 1959 1319 carnium
1976 1301 2115 1320 interdictus
2131 1303 2153 1319 et

671 1336 769 1360 „quibus
784 1334 823 1354 alii
839 1334 925 1354 Christi
941 1335 1019 1355 fideles
1035 1336 1080 1355 illis
1097 1337 1129 1356 uti
1147 1337 1247 1362 possint,
1263 1337 1370 1355 carnibus
1388 1337 1420 1355 uti
1438 1337 1460 1354 et
1476 1336 1536 1355 refici
1552 1337 1636 1355 futuris
1652 1336 1792 1361 temporibus
1808 1336 1904 1361 possitis
1921 1339 1990 1361 atque
2006 1337 2120 1362 possinv’.
2131 1350 2136 1355 .
2147 1349 2153 1355 .

1939 1371 1997 1392 Geh.
2011 1372 2038 1391 Η.
2048 1384 2053 1388 -
2063 1372 2153 1392 Archiv.

231 1412 298 1437 2336
347 1407 415 1433 -22
490 1428 521 1432 -
577 1404 608 1430 Κ.
625 1404 772 1430 Friedrich
789 1406 852 1440 gibt
866 1406 929 1431 dem
944 1406 1126 1432 Hier-unimus
1141 1405 1290 1440 waainer
1308 1407 1342 1432 de
1358 1406 1474 1439 waino
1489 1407 1547 1432 und
1563 1406 1711 1432 Johannes
1727 1406 1761 1431 de
1776 1405 1938 1439 Popnowek
1956 1408 2039 1432 einen
2054 1406 2153 1432 Adels-

647 1448 703 1472 und
722 1449 916 1481 Wapenbrief.

730 1505 770 1515 ,,-
793 1496 817 1512 nt
842 1492 947 1512 videlicet
970 1491 1067 1518 clipeum
1091 1498 1140 1511 cnm
1164 1497 1244 1517 campo
1273 1493 1344 1512 rubeo
1374 1495 1396 1512 et
1419 1493 1495 1512 crocei
1517 1498 1558 1512 seu
1581 1493 1647 1512 aurei
1672 1492 1758 1512 coloris
1781 1492 1962 1518 pendiculariter
1985 1493 2111 1512 divisorum
2129 1493 2154 1512 iu

672 1528 754 1552 „cujus
773 1530 863 1555 quidem
881 1528 948 1554 clipei
967 1529 1042 1547 media
1057 1531 1123 1553 parte
1146 1529 1232 1548 rubeus
1257 1530 1354 1548 truncus
1379 1534 1429 1548 cum
1446 1529 1564 1548 radicibus
1581 1534 1608 1547 ac
1625 1529 1700 1548 tribus
1718 1529 1788 1548 ramis
1806 1529 1918 1554 prescisis
1935 1529 2011 1548 crocei
2029 1529 2113 1548 eoloris
2130 1531 2153 1548 et

670 1566 706 1587 „in
723 1566 769 1585 alia
786 1566 837 1584 eius
855 1568 920 1590 parte
938 1566 961 1584 in
977 1571 1056 1591 campo
1074 1566 1138 1584 aurei
1156 1570 1198 1584 seu
1214 1566 1289 1584 crocei
1307 1564 1390 1584 coloris
1408 1565 1513 1584 similiter
1530 1567 1627 1584 truncus
1646 1565 1733 1584 rubeus
1750 1571 1800 1584 cum
1817 1565 1933 1585 radicibus
1951 1567 1973 1585 et
1989 1566 2059 1585 ramis
2076 1565 2151 1584 nbsci-

670 1602 719 1624 „sis
737 1604 858 1627 apparent.
882 1600 909 1620 Et
933 1607 1003 1627 super
1020 1605 1108 1627 galeam
1125 1601 1171 1621 duo
1188 1602 1263 1621 trunci
1280 1607 1330 1621 cum
1348 1602 1462 1621 radicibus
1484 1601 1551 1627 galea
1571 1601 1647 1620 affixis
1672 1607 1767 1621 sursum
1785 1603 1810 1620 ut
1826 1602 1848 1621 in
1866 1602 1937 1627 clipeo
1955 1602 2028 1621 erecti
2044 1602 2152 1621 videntur

671 1638 824 1664 .,designati*’.
840 1651 846 1657 .
863 1651 869 1656 .
2072 1636 2098 1656 P.
2114 1635 2151 1657 82-

230 1676 297 1700 2837
347 1675 423 1700 -25,
484 1695 515 1698 -
577 1671 673 1698 macht
693 1673 747 1697 den
767 1672 873 1697 Paulus
894 1672 987 1696 Barbo
1008 1680 1064 1696 von
1084 1669 1214 1705 Venedig
1234 1679 1299 1695 znm
1319 1671 1515 1705 Psalzgrafen.
1535 1671 1598 1697 Ρόι]
1618 1673 1651 1697 10
1668 1671 1748 1697 Mark
1765 1670 1848 1698 Gold.
2063 1671 2094 1698 P.
2109 1672 2152 1696 26.

230 1717 298 1741 2838
347 1717 425 1743 -25,
489 1737 520 1741 .,,
576 1714 674 1739 macht
692 1715 747 1740 den
763 1715 875 1740 Blasius
893 1714 951 1739 und
965 1714 1019 1739 (len
1034 1713 1208 1738 Eustacths
1223 1714 1289 1747 May
1306 1723 1341 1739 zu
1357 1714 1548 1748 Pialzgrafen.
2058 1712 2090 1738 P.
2108 1714 2152 1740 27.

231 1759 299 1783 2889
348 1759 423 1784 -25,
490 1779 520 1783 ,-
577 1757 673 1781 macht
689 1757 744 1782 den
761 1757 874 1782 Thesus
891 1758 925 1782 de
941 1753 1131 1789 Tarmignola
1147 1764 1212 1780 zum
1227 1755 1422 1790 Pfalzgrafen.
2056 1753 2089 1779 P.
2108 1755 2153 1781 27.

231 1800 299 1826 2830
349 1802 426 1827 -25,
492 1821 524 1826 .-
578 1800 674 1824 macht
691 1800 746 1824 den
760 1800 885 1825 Jacohns
900 1800 934 1825 de
949 1798 1117 1823 Constantio
1134 1806 1199 1822 zum
1215 1797 1411 1834 Psalzgrafen.
2055 1795 2089 1824 P.
2109 1797 2152 1823 27.

231 1844 295 1868 2321
348 1845 425 1869 -25,
489 1863 521 1868 ψ
576 1841 715 1875 δεεῐὲὶῐςῑ
733 1843 795 1866 deni
819 1842 940 1872 Galeaz,
962 1841 1084 1865 Bischnf
1098 1848 1153 1865 von
1172 1839 1304 1871 Mantua,
1331 1841 1407 1865 seine
1430 1839 1622 1872 privilegien,
1648 1839 1825 1864 nsmentlich
1846 1846 1940 1871 zwey,
1964 1837 2008 1863 die
2035 1838 2152 1863 inserirt

648 1883 719 1909 sind.
740 1884 801 1909 Pan
819 1886 869 1909 100
886 1884 968 1909 Μαι-Κ
985 1883 1067 1907 Gold.

700 1927 733 1951 1.)
754 1927 802 1948 von
819 1928 846 1947 Κ.
862 1928 979 1948 Friedrich
995 1927 1012 1946 Ι.
1026 1927 1077 1946 Act.
1093 1925 1159 1946 1160.
1173 1925 1218 1946 Jnd
1243 1925 1302 1946 vm.
1324 1925 1376 1946 Dat.
1397 1927 1419 1946 in
1441 1925 1543 1952 generali
1563 1925 1658 1944 concilio
1676 1924 1784 1950 papiensi
1806 1927 1859 1950 post
1874 1924 2054 1944 destructionem
2073 1923 2152 1943 Creme

758 1968 780 1984 et
794 1968 847 1991 post
863 1965 1059 1984 confirmationem
1076 1964 1098 1984 d.
1115 1963 1214 1983 Victoris
1230 1969 1287 1988 pape
1304 1969 1364 1982 nono
1385 1962 1495 1982 kalendas
1510 1962 1598 1982 Martii·
1615 1962 1649 1984 [v.
1665 1961 1780 1980 Muratori
1794 1960 1847 1980 Ant·
1865 1960 1892 1980 12.
1909 1960 1957 1983 Vi.)

310 1997 312 2012 ¹
699 1998 733 2024 2.)
754 2000 801 2021 Von
816 2001 845 2021 K.
861 2001 976 2021 Friedrich
995 2000 1022 2020 ΙΙ.
1037 2000 1089 2020 Dat.
1106 2002 1127 2020 in
1147 2001 1232 2019 castris
1249 2000 1309 2025 apud
1326 2002 1427 2019 castrum
1444 1999 1549 2018 Resoluni
1570 1997 1635 2018 1220.
1651 1997 1705 2018 Jud.
1721 1997 1780 2016 Vlll.
1796 1996 1846 2016 Kal*
1860 1996 2002 2016 Decembris.
2024 1994 2151 2021 [Bestzitigt

758 2038 807 2057 dem
827 2038 922 2058 Biscimt
937 2037 1044 2057 Heinrich
1065 2042 1108 2056 von
1131 2036 1228 2056 Mantua
1246 2035 1353 2059 „Cui-tem
1375 2035 1482 2055 Burbasii
1499 2041 1549 2054 cum
1572 2035 1622 2054 suis
1647 2035 1795 2060 pertinentiis
1818 2033 1923 2053 videlicet
1939 2032 2031 2052 Roncho
2051 2032 2152 2051 ferrario

760 2072 892 2100 „Bigarello
908 2078 929 2094 et
946 2072 1100 2093 Charczetulo
1121 2076 1142 2092 et
1160 2072 1266 2092 Castrum
1282 2079 1364 2092 novum
1382 2076 1403 2091 et
1419 2077 1496 2091 omnes
1518 2071 1576 2090 alias
1597 2073 1675 2090 curtes
1691 2071 1762 2090 eidem
1778 2069 1923 2095 episcopatui
1940 2071 1962 2088 et
1986 2068 2084 2088 ecclesie
2102 2074 2142 2094 pre

759 2111 832 2133 „dicte
847 2110 1053 2136 pertinentes''...]
1074 2109 1184 2128 Preterea
1203 2109 1348 2129 declaramus
1370 2109 1439 2128 verba
1461 2107 1500 2127 illa
1516 2108 1537 2126 in
1552 2108 1619 2126 dictis
1636 2106 1763 2132 privilegiis
1780 2109 1802 2125 et
1823 2105 2015 2125 concessionibus
2031 2105 2152 2131 presertim

759 2146 908 2169 „FridericiL
926 2150 948 2165 et
963 2145 1072 2166 Friderici
1085 2145 1229 2172 [Lappositn
1244 2146 1271 2165 de
1286 2146 1452 2172 prescriptione
1470 2145 1606 2163 mentionem
1623 2143 1732 2162 facientia
1749 2143 1857 2162 debuisse
1875 2144 1897 2160 et
1912 2141 1994 2160 debere
2009 2140 2107 2166 intelligi
2124 2140 2151 2160 de

760 2184 837 2206 „omni
854 2183 1032 2209 prescriptione,
1048 2184 1115 2202 etiam
1135 2184 1154 2202 si
1170 2182 1200 2201 sit
1214 2183 1272 2201 tnnti
1286 2182 1405 2208 temporis,
1422 2181 1489 2205 cujus
1506 2180 1565 2200 initii
1583 2180 1691 2199 memoria
1705 2179 1820 2198 hominum
1834 2183 1879 2197 non
1896 2178 2036 2197 existat'’...
2074 2176 2100 2196 P.
2114 2174 2152 2197 87.

233 2232 300 2254 2542!
350 2231 424 2255 *¹25.
489 2251 519 2254 -
577 2229 639 2263 gibt
656 2229 718 2254 dem
735 2229 853 2261 Galeaz,
868 2229 988 2253 Bischos
1001 2236 1057 2252 von
1071 2227 1190 2252 Mantua
1209 2227 1267 2252 und
1290 2228 1399 2252 seinein
1415 2226 1526 2251 Brnder
1541 2225 1668 2249 Joannes
1686 2224 1743 2248 und
1765 2224 1867 2248 dessen
1887 2222 1980 2247 Enkei
1997 2221 2149 2251 Benedict‚

562 2282 566 2353 Ι
647 2279 695 2296 aus
710 2272 759 2296 der
772 2271 892 2296 Familie
915 2271 948 2296 de
969 2270 1133 2303 Caprfflnis,
1155 2270 1240 2294 einen
1262 2269 1498 2294 lnvestiturbrief
1514 2269 1585 2293 iiber
1611 2267 1661 2291 das
1687 2265 1803 2291 Schloss
1830 2264 1923 2290 Sacha
1944 2264 1977 2289 de
2002 2263 2149 2297 Caprianis

647 2314 695 2338 auf
710 2314 760 2339 der
774 2313 852 2338 Insel
870 2313 1030 2338 Gubernuli
1046 2313 1084 2337 im
1104 2310 1245 2336 Gebiethe
1261 2318 1318 2336 von
1334 2310 1461 2338 Mantua.

728 2370 767 2379 ‚,-
784 2357 873 2377 Dudum
890 2358 910 2377 si
925 2356 1015 2382 quidem
1032 2356 1094 2375 clare
1115 2355 1223 2374 memorie
1236 2354 1337 2375 Karolus
1359 2359 1458 2380 quartus
1481 2353 1543 2373 Rom.
1563 2353 1688 2378 imperator
1704 2352 1857 2377 predecessor
1873 2352 1962 2374 noster,
1979 2348 2092 2375 quondam
2109 2354 2147 2368 no-

311 2388 313 2399 Α
669 2394 749 2416 „bilem
767 2393 896 2413 Conrnduni
914 2393 941 2412 de
964 2392 1089 2418 Captionis
1105 2391 1131 2411 de
1146 2392 1238 2417 proprio
1259 2398 1302 2412 suo
1319 2394 1396 2411 castro
1413 2392 1435 2410 in
1450 2389 1527 2410 insula
1539 2388 1666 2408 Gubernuli
1681 2388 1790 2407 territorii
1809 2387 1928 2406 Mantuani
1944 2387 2001 2409 sito,
2015 2385 2076 2411 quod
2091 2385 2149 2405 idem

668 2429 804 2452 ..Conradus
818 2435 888 2454 super
904 2430 953 2448 eius
969 2429 1068 2455 propriis
1083 2429 1272 2454 possessionibus
1288 2428 1419 2448 extruxisse
1435 2429 1457 2445 et
1473 2426 1593 2445 edificasse
1610 2424 1760 2444 asserebatur
1775 2423 1849 2443 sacha
1864 2423 1890 2442 de
1901 2422 2020 2449 Csprianis
2036 2423 2057 2441 in
2072 2421 2150 2441 insula

667 2466 808 2489 „Gubernuli
825 2466 951 2492 vulgariter
965 2465 1096 2491 appellata,
1111 2466 1208 2490 eiusque
1221 2464 1413 2490 possessionibus
1430 2463 1522 2487 juribus
1537 2464 1558 2481 et
1580 2462 1725 2487 pertinentiis
1744 2461 1861 2480 universis
1878 2457 1991 2485 imperiali
2008 2458 2148 2478 auctoritate

447 2458 449 2540 ἱ
668 2506 704 2525 „et
725 2509 751 2522 ex
767 2505 830 2522 certa
850 2503 947 2522 scientia
963 2502 1082 2521 investivit
1104 2501 1124 2520 ei
1145 2501 1166 2520 in
1182 2504 1260 2521 castro
1276 2500 1469 2527 possessionibus
1490 2501 1511 2518 et
1531 2498 1678 2524 pertinentiis
1698 2497 1807 2523 predictis
1822 2501 1907 2515 merum
1923 2498 1945 2514 et
1963 2495 2055 2514 mixtum
2079 2495 2148 2520 impe-

668 2540 740 2561 „rium
753 2542 774 2558 et
790 2541 811 2558 in
822 2539 954 2558 executione
974 2538 1062 2557 iustitie
1079 2537 1149 2563 gladii
1164 2540 1303 2563 potestatem
1323 2537 1437 2562 aliamque
1457 2535 1638 2554 iurisdietionem
1655 2537 1675 2553 et
1693 2535 1715 2553 in
1733 2532 1870 2553 ventilandis
1891 2530 1986 2557 agendis
2002 2530 2146 2550 decidendis—

446 2577 448 2599 ξ
668 2582 726 2600 „que
743 2576 822 2595 causis
838 2578 859 2594 et
874 2575 964 2599 litibus⁷
980 2580 1005 2594 ac
1022 2574 1170 2594 cohercendis
1186 2573 1313 2593 rebellibus
1337 2573 1430 2592 liberam
1453 2571 1588 2591 facultatem
1607 2570 1752 2590 concedendo
1776 2575 1817 2588 suo
1841 2571 1915 2588 tamen
1941 2569 1963 2586 et
1979 2567 2040 2586 sacri
2058 2567 2146 2592 imperii

445 2601 448 2625 l
670 2619 707 2633 „nc
725 2613 821 2632 aliorum
839 2613 859 2631 in
878 2611 996 2637 premissis
1015 2614 1036 2630 et
1054 2616 1131 2630 eorum
1149 2611 1252 2636 quolibet
1266 2611 1319 2634 jure
1344 2609 1409 2628 salvo
1433 2612 1500 2633 prout
1518 2609 1538 2627 in
1561 2607 1636 2626 literis
1660 2607 1713 2625 dir-ti
1737 2605 1910 2631 predecessoris
1933 2608 2030 2628 quarum
2054 2606 2147 2622 tenores
